<collection xmlns="http://www.loc.gov/MARC21/slim"><record><leader>00853nam  2200229   450</leader><controlfield tag="001">791</controlfield><controlfield tag="003">http://montalegre.opacnet.com/OPAC/default.aspx?ContentAreaControl=ShowRegHoldings.ascx&amp;RegNo=16662</controlfield><datafield tag="010" ind1=" " ind2=" "><subfield code="a">972-33-1829-6</subfield></datafield><datafield tag="100" ind1=" " ind2=" "><subfield code="a">20040127d2003    bc y0pory0103    ba</subfield></datafield><datafield tag="101" ind1="0" ind2=" "><subfield code="a">por</subfield></datafield><datafield tag="102" ind1=" " ind2=" "><subfield code="a">PT</subfield></datafield><datafield tag="105" ind1=" " ind2=" "><subfield code="a">a   z   000yy</subfield></datafield><datafield tag="106" ind1=" " ind2=" "><subfield code="a">r</subfield></datafield><datafield tag="200" ind1="1" ind2=" "><subfield code="a">&lt;O &gt;meu primeiro livro de jogos mágicos</subfield><subfield code="e">8 tabuleiros de jogo com mais de 50 fichas</subfield><subfield code="f">il. Kelly Dooley</subfield><subfield code="g">[ed. lit.] Editorial Estampa</subfield></datafield><datafield tag="210" ind1=" " ind2=" "><subfield code="a">Lisboa</subfield><subfield code="c">Estampa</subfield><subfield code="d">imp. 2003</subfield></datafield><datafield tag="215" ind1=" " ind2=" "><subfield code="a">[14] p.</subfield><subfield code="c">muito il.</subfield><subfield code="d">35 cm</subfield><subfield code="e">1 envelope com fichas de jogo</subfield></datafield><datafield tag="675" ind1=" " ind2=" "><subfield code="a">087.5</subfield><subfield code="v">BN</subfield><subfield code="z">por</subfield><subfield code="v">BN</subfield><subfield code="z">por</subfield><subfield code="3">287999</subfield></datafield><datafield tag="675" ind1=" " ind2=" "><subfield code="a">793.4</subfield><subfield code="v">BN</subfield><subfield code="z">por</subfield><subfield code="3">439366</subfield></datafield><datafield tag="702" ind1=" " ind2="1"><subfield code="a">Dooley</subfield><subfield code="b">Kelly</subfield><subfield code="4">440</subfield><subfield code="3">1180503</subfield></datafield><datafield tag="712" ind1="0" ind2="2"><subfield code="a">Editorial Estampa</subfield><subfield code="4">340</subfield><subfield code="3">516865</subfield></datafield><datafield tag="801" ind1=" " ind2="0"><subfield code="a">PT</subfield><subfield code="b">Biblioteca Municipal de Montalegre</subfield><subfield code="g">RPC</subfield></datafield><datafield tag="856" ind1=" " ind2=" "><subfield code="u">locateMedia.asp?cod=20060622105046&amp;ext=jpg</subfield><subfield code="z">CAPA</subfield></datafield><datafield tag="909" ind1="&#9;" ind2=" "><subfield code="a">1</subfield></datafield><datafield tag="966" ind1=" " ind2=" "><subfield code="a">0016764</subfield><subfield code="l">BMM</subfield><subfield code="s">SI 793 KEL meu</subfield></datafield></record></collection>